@misc{Sigfox,
    author    = "{Sigfox}",
    url       = "{https://www.sigfox.com/en}",
    note= {Online; accessed 6 January 2020}
 
}
@misc{statista_lpwan,
    author    = "{Statista}",
    title     = "{Number of LPWAN connections by technology worldwide from 2017 to 2023}",
    url       = "{https://www.statista.com/statistics/880822/lpwan-ic-market-share-by-technology/}",
    note= {Online; accessed 6 January 2020}
 
}
@misc{EUIoT,
    author    = "{European Commision}",
    title     = "{Advancing the Internet of Things in Europe}",
    url       = "{https://eur-lex.europa.eu/legal-content/EN/TXT/?uri=CELEX:52016SC0110}",
    note= {Online; accessed 6 January 2020}
 
}
@inproceedings{basu2019experimental,
  title={Experimental Performance Evaluation of NB-IoT},
  author={Basu, Subho Shankar and Sultania, Ashish Kumar and Famaey, Jeroen and Hoebeke, Jeroen},
  booktitle={2019 International Conference on Wireless and Mobile Computing, Networking and Communications (WiMob)},
  pages={1--6},
  year={2019},
  organization={IEEE}
}
@inproceedings{jaber2019study,
  title={Study on known models of NB-IoT Applications in Iraqi environments},
  author={Jaber, Tanya Abdulsattar and Hussein, Mohammed AbdulRidha},
  booktitle={IOP Conference Series: Materials Science and Engineering},
  volume={518},
  number={5},
  pages={052013},
  year={2019},
  organization={IOP Publishing}
}
@misc{sigfoxRSSI,
    author    = "{Sigfox}",
    title     = "{Link Quality: general knowledge}",
    url       = "{https://support.sigfox.com/docs/link-quality:-general-knowledge}"
 
}
@misc{3GPP,
    author    = "{3GPP}",
    title     = "{Mobile Signal Strength Recommendations}",
    url       = "{http://www.3gpp.org/specifications/releases}"
    }
 
@inproceedings{malik2019nb,
  title={NB-IoT Network Field Trial: Indoor, Outdoor and Underground Coverage Campaign},
  author={Malik, Hassan and Khan, Sikandar Zulqarnain and Sarmiento, Jeffrey Leonel Redondo and Kuusik, Alar and Alam, Muhammad Mahtab and Le Moullec, Yannick and P{\"a}rand, Sven},
  booktitle={2019 15th International Wireless Communications \& Mobile Computing Conference (IWCMC)},
  pages={537--542},
  year={2019},
  organization={IEEE}
}
@inproceedings{khan2019dorm,
  title={DORM: Narrowband IoT Development Platform and Indoor Deployment Coverage Analysis},
  author={Khan, S and Malik, Hassan and Alam, M and Le Moullec, Y},
  booktitle={Proceedings of the 2nd International Workshop on Recent Advances in Cellular Technologies and 5G for IoT Environments (RACT-5G-IoT 2019), Leuven, Belgium},
  volume={29},
  year={2019}
}
@inproceedings{lauridsen2017coverage,
  title={Coverage comparison of GPRS, NB-IoT, LoRa, and SigFox in a 7800 km$^2$ area},
  author={Lauridsen, Mads and Nguyen, Huan and Vejlgaard, Benny and Kov{\'a}cs, Istv{\'a}n Z and Mogensen, Preben and Sorensen, Mads},
  booktitle={2017 IEEE 85th Vehicular Technology Conference (VTC Spring)},
  pages={1--5},
  year={2017},
  organization={IEEE}
}
@inproceedings{mekki2018overview,
  title={Overview of cellular LPWAN technologies for IoT deployment: Sigfox, LoRaWAN, and NB-IoT},
  author={Mekki, Kais and Bajic, Eddy and Chaxel, Frederic and Meyer, Fernand},
  booktitle={2018 IEEE International Conference on Pervasive Computing and Communications Workshops (PerCom Workshops)},
  pages={197--202},
  year={2018},
  organization={IEEE}
}
@inproceedings{sikora2019performance,
  title={Performance Measurements of Narrowband-IoT Network in Emulated and Field Testbeds},
  author={Sikora, Axel and others},
  booktitle={2019 10th IEEE International Conference on Intelligent Data Acquisition and Advanced Computing Systems: Technology and Applications (IDAACS)},
  volume={2},
  pages={780--785},
  year={2019},
  organization={IEEE}
}
@misc{connected,
    author    = "{Connected Baltics: Sigfox operator in Estonia}",
    title     = "{Sigfox coverage in Estonia}",
    url       = "{https://www.connectedbaltics.com/coverage/}"
    }
    
@misc{levikom,
    author    = "{Levikom: Commercial LoRaWAN operator in Estonia}",
    url       = "{https://www.levikom.ee/iot/}"
    }
    
@inproceedings{sikora2019test,
  title={Test and Measurement of LPWAN and Cellular IoT Networks in a Unified Testbed},
  author={Sikora, Axel and Schappacher, Manuel and Amjad, Zubair and others},
  booktitle={2019 IEEE 17th International Conference on Industrial Informatics (INDIN)},
  volume={1},
  pages={1521--1527},
  year={2019},
  organization={IEEE}
}
@inproceedings{vejlgaard2017coverage,
  title={Coverage and capacity analysis of sigfox, lora, gprs, and nb-iot},
  author={Vejlgaard, Benny and Lauridsen, Mads and Nguyen, Huan and Kov{\'a}cs, Istv{\'a}n Z and Mogensen, Preben and Sorensen, Mads},
  booktitle={2017 IEEE 85th vehicular technology conference (VTC Spring)},
  pages={1--5},
  year={2017},
  organization={IEEE}
}
@misc{BG96,
    author    = "{Quectel}",
    title     = "{LTE BG96 Cat M1/NB1/EGPRS Module}",
    url       = "{https://www.quectel.com/product/bg96.htm}"
    }
@misc{l476,
    author    = "{STM}",
    title     = "{NUCLEO-L476RG}",
    url       = "{https://www.st.com/en/evaluation-tools/nucleo-l476rg.html}"
    }
    
@misc{ubidots,
    author    = "{ubidots}",
    title     = "{ubidots-Cloud Platform}",
    url       = "{https://ubidots.com/}"
    }
    
    @misc{airwits,
    author    = "{Sigfox}",
    title     = "{Sigfox Partners Network}",
    url       = "{https://partners.sigfox.com/products/connected-airwits}"
    }
    
    
    @article{centenaro2016long,
  title={Long-range communications in unlicensed bands: The rising stars in the IoT and smart city scenarios},
  author={Centenaro, Marco and Vangelista, Lorenzo and Zanella, Andrea and Zorzi, Michele},
  journal={IEEE Wireless Communications},
  volume={23},
  number={5},
  pages={60--67},
  year={2016},
  publisher={IEEE}
}

@inproceedings{patel2017experimental,
  title={Experimental study on low power wide area networks (LPWAN) for mobile Internet of Things},
  author={Patel, Dhaval and Won, Myounggyu},
  booktitle={2017 IEEE 85th Vehicular Technology Conference (VTC Spring)},
  pages={1--5},
  year={2017},
  organization={IEEE}
}


@article{raza2017low,
  title={Low power wide area networks: An overview},
  author={Raza, Usman and Kulkarni, Parag and Sooriyabandara, Mahesh},
  journal={IEEE Communications Surveys \& Tutorials},
  volume={19},
  number={2},
  pages={855--873},
  year={2017},
  publisher={IEEE}
}

@article{gomez2019sigfox,
  title={A Sigfox energy consumption model},
  author={Gomez, Carles and Veras, Juan Carlos and Vidal, Rafael and Casals, Llu{\'\i}s and Paradells, Josep},
  journal={Sensors},
  volume={19},
  number={3},
  pages={681},
  year={2019},
  publisher={Multidisciplinary Digital Publishing Institute}
}
@misc{sigfoxCoverage,
    author    = "{Sigfox}",
    url       = "{https://www.sigfox.com/en/coverage}"
    }
@article{afroz2015sinr,
  title={SINR, RSRP, RSSI and RSRQ measurements in long term evolution networks},
  author={Afroz, Farhana and Subramanian, Ramprasad and Heidary, Roshanak and Sandrasegaran, Kumbesan and Ahmed, Solaiman},
  journal={International Journal of Wireless \& Mobile Networks},
  year={2015},
  publisher={Academy and Industry Research Collaboration Center (AIRCC)}
}
